<collection xmlns="http://www.loc.gov/MARC21/slim">
<record>
  <leader>03057nam0a2200457 i 450 </leader>
  <controlfield tag="001">IT\ICCU\CNCE\035706</controlfield>
  <controlfield tag="005">20080229000000.0</controlfield>
  <datafield tag="012" ind1=" " ind2=" ">
    <subfield code="a">o-ue m-la dia- Dich (3) 1581 (R)</subfield>
    <subfield code="2">fei</subfield>
  </datafield>
  <datafield tag="100" ind1=" " ind2=" ">
    <subfield code="a">19980113d1581        0itac0103    ba</subfield>
  </datafield>
  <datafield tag="101" ind1=" " ind2=" ">
    <subfield code="a">ITA</subfield>
  </datafield>
  <datafield tag="102" ind1=" " ind2=" ">
    <subfield code="a">IT</subfield>
  </datafield>
  <datafield tag="200" ind1="1" ind2=" ">
    <subfield code="a">Delle homelie di m. Lodouico Pittorio da Ferrara. Parte prima \-seconda!. Nella quale si espongono tutti gli Euangeli, et Epistole, che si leggono nel tempo della quaresima, secondo l&apos;ordine della Santa Romana Chiesa. Nuouamente ridotta in miglior lingua, &amp; arricchita con le allegationi delle autorit ̉della Santa Scrittura. Per il r.p. Francesco da Treuigi, Carmelitano</subfield>
  </datafield>
  <datafield tag="210" ind1=" " ind2=" ">
    <subfield code="a">In Torino</subfield>
    <subfield code="c">\eredi di Niccol ̣Bevilacqua!</subfield>
    <subfield code="c">appresso Francesco Lorenzini</subfield>
    <subfield code="d">1581</subfield>
    <subfield code="e">In Turino</subfield>
    <subfield code="h">1582</subfield>
  </datafield>
  <datafield tag="215" ind1=" " ind2=" ">
    <subfield code="a">2 v. (\4!, 254, \2! c. compless.)</subfield>
    <subfield code="c">ill.</subfield>
    <subfield code="d">4ʻ</subfield>
  </datafield>
  <datafield tag="300" ind1=" " ind2=" ">
    <subfield code="a">Altro front. a c. Q1r.: Delle homelie di m. Lodouico Pittorio da Ferrara, sopra gli Euangeli, et Epistole, che si leggono ne&apos; giorni festiui di tutto l&apos;anno, s de&apos; santi, come delle domeniche, ... Parte seconda</subfield>
  </datafield>
  <datafield tag="620" ind1=" " ind2=" ">
    <subfield code="a">IT</subfield>
    <subfield code="d">Torino</subfield>
  </datafield>
  <datafield tag="700" ind1=" " ind2="1">
    <subfield code="a">Pittorio,</subfield>
    <subfield code="b">Lodovico</subfield>
    <subfield code="3">IT\ICCU\CNCA\001137</subfield>
  </datafield>
  <datafield tag="702" ind1=" " ind2="1">
    <subfield code="a">Turchi,</subfield>
    <subfield code="b">Francesco</subfield>
    <subfield code="c"> &lt;trevigiano&gt;</subfield>
    <subfield code="3">IT\ICCU\CNCA\000205</subfield>
  </datafield>
  <datafield tag="712" ind1="0" ind2="0">
    <subfield code="a">Bevilacqua, Niccol ̣- eredi</subfield>
    <subfield code="3">IT\ICCU\CNCT\000513</subfield>
    <subfield code="4">650</subfield>
  </datafield>
  <datafield tag="712" ind1="0" ind2="0">
    <subfield code="a">Lorenzini, Francesco</subfield>
    <subfield code="3">IT\ICCU\CNCT\000123</subfield>
    <subfield code="4">650</subfield>
  </datafield>
  <datafield tag="790" ind1=" " ind2="1">
    <subfield code="a">Bigi,</subfield>
    <subfield code="b">Lodovico</subfield>
    <subfield code="3">IT\ICCU\CNCA\006650</subfield>
    <subfield code="z">Pittorio, Lodovico</subfield>
  </datafield>
  <datafield tag="790" ind1=" " ind2="1">
    <subfield code="a">Bigo Pittori,</subfield>
    <subfield code="b">Lodovico</subfield>
    <subfield code="3">IT\ICCU\CNCA\012802</subfield>
    <subfield code="z">Pittorio, Lodovico</subfield>
  </datafield>
  <datafield tag="790" ind1=" " ind2="0">
    <subfield code="a">Pittorio</subfield>
    <subfield code="c"> : da#Ferrara</subfield>
    <subfield code="3">IT\ICCU\CNCA\023130</subfield>
    <subfield code="z">Pittorio, Lodovico</subfield>
  </datafield>
  <datafield tag="790" ind1=" " ind2="1">
    <subfield code="a">Bigi,</subfield>
    <subfield code="b">Luigi</subfield>
    <subfield code="3">IT\ICCU\CNCA\023131</subfield>
    <subfield code="z">Pittorio, Lodovico</subfield>
  </datafield>
  <datafield tag="790" ind1=" " ind2="1">
    <subfield code="a">Pittorio,</subfield>
    <subfield code="b">Luigi Bigi</subfield>
    <subfield code="3">IT\ICCU\CNCA\023132</subfield>
    <subfield code="z">Pittorio, Lodovico</subfield>
  </datafield>
  <datafield tag="790" ind1=" " ind2="1">
    <subfield code="a">Pictorius,</subfield>
    <subfield code="b">Ludovicus</subfield>
    <subfield code="3">IT\ICCU\CNCA\023133</subfield>
    <subfield code="z">Pittorio, Lodovico</subfield>
  </datafield>
  <datafield tag="790" ind1=" " ind2="0">
    <subfield code="a">Francesco</subfield>
    <subfield code="c"> : da#Treuigi</subfield>
    <subfield code="3">IT\ICCU\CNCA\015063</subfield>
    <subfield code="z">Turchi, Francesco &lt;trevigiano&gt;</subfield>
  </datafield>
  <datafield tag="790" ind1=" " ind2="0">
    <subfield code="a">Accademico viterbese</subfield>
    <subfield code="3">IT\ICCU\CNCA\029332</subfield>
    <subfield code="z">Turchi, Francesco &lt;trevigiano&gt;</subfield>
  </datafield>
  <datafield tag="791" ind1="0" ind2="0">
    <subfield code="a">Laurentinus, Franciscus</subfield>
    <subfield code="3">IT\ICCU\CNCT\002732</subfield>
    <subfield code="z">Lorenzini, Francesco</subfield>
  </datafield>
  <datafield tag="801" ind1=" " ind2="3">
    <subfield code="a">IT</subfield>
    <subfield code="b">ICCU</subfield>
    <subfield code="c">20201114</subfield>
  </datafield>
  <datafield tag="899" ind1=" " ind2=" ">
    <subfield code="a">Biblioteca del Seminario vescovile. Asti</subfield>
    <subfield code="1">AT0005</subfield>
    <subfield code="2">TO0 45</subfield>
  </datafield>
  <datafield tag="899" ind1=" " ind2=" ">
    <subfield code="a">Biblioteca provinciale dei Frati minori dell&apos;Emilia. Sezione Biblioteca dell&apos;Osservanza. Bologna</subfield>
    <subfield code="1">BO0336</subfield>
    <subfield code="2">ZBO 41</subfield>
  </datafield>
  <datafield tag="899" ind1=" " ind2=" ">
    <subfield code="a">Biblioteca del Seminario vescovile. Mondov</subfield>
    <subfield code="1">CN0066</subfield>
    <subfield code="2">TO0 56</subfield>
  </datafield>
  <datafield tag="899" ind1=" " ind2=" ">
    <subfield code="a">Biblioteca della Societ ̉economica. Chiavari</subfield>
    <subfield code="1">GE0011</subfield>
    <subfield code="2">LI3 30</subfield>
  </datafield>
  <datafield tag="899" ind1=" " ind2=" ">
    <subfield code="a">Biblioteca di Ateneo dell&apos;Universit ̉cattolica del Sacro Cuore. Milano</subfield>
    <subfield code="1">MI0291</subfield>
    <subfield code="2">ZMI 18</subfield>
  </datafield>
  <datafield tag="899" ind1=" " ind2=" ">
    <subfield code="a">Biblioteca provinciale di filosofia San Tommaso d&apos;Aquino. Torino</subfield>
    <subfield code="1">TO0071</subfield>
    <subfield code="2">TO0 D8</subfield>
  </datafield>
  <datafield tag="899" ind1=" " ind2=" ">
    <subfield code="a">Biblioteca civica centrale. Torino</subfield>
    <subfield code="1">TO0240</subfield>
    <subfield code="2">BCT 01</subfield>
  </datafield>
  <datafield tag="899" ind1=" " ind2=" ">
    <subfield code="a">Biblioteca del Centro teologico. Torino</subfield>
    <subfield code="1">TO0249</subfield>
    <subfield code="2">TO0 48</subfield>
  </datafield>
  <datafield tag="899" ind1=" " ind2=" ">
    <subfield code="a">Biblioteca provinciale Frati minori cappuccini. Torino</subfield>
    <subfield code="1">TO0264</subfield>
    <subfield code="2">TO0 84</subfield>
  </datafield>
  <datafield tag="911" ind1=" " ind2=" ">
    <subfield code="a">Sul front. del v. 1</subfield>
    <subfield code="9">IT\ICCU\CNCM\000323</subfield>
  </datafield>
  <datafield tag="921" ind1=" " ind2=" ">
    <subfield code="a">IT\ICCU\CNCM\000323</subfield>
    <subfield code="b">Toro (costellazione). In cornice figurata.</subfield>
    <subfield code="e">Mi coelestis origo</subfield>
    <subfield code="c">Z1166</subfield>
    <subfield code="d">Dimensioni: 5,8 x 6,3</subfield>
    <subfield code="f">TORO</subfield>
    <subfield code="g">1579-1597</subfield>
  </datafield>
</record>
</collection>
